<?xml version="1.0" encoding="UTF-8"?>
<record xmlns="http://www.loc.gov/MARC21/slim">
   <leader>01244cam a2200253 a 4500</leader>
   <controlfield tag="001">1150225</controlfield>
   <controlfield tag="003">NjP</controlfield>
   <controlfield tag="005">20170602185713.0</controlfield>
   <controlfield tag="008">970618s1909    mr            000 0 ara d</controlfield>
   <datafield tag="024" ind1="7" ind2=" ">
      <subfield code="a">princeton_aco004464</subfield>
      <subfield code="2">local</subfield>
   </datafield>
   <datafield ind1=" " ind2=" " tag="035">
      <subfield code="a">(OCoLC)37243141</subfield>
   </datafield>
   <datafield ind1=" " ind2=" " tag="035">
      <subfield code="a">(CStRLIN)NJPG97-B34528</subfield>
   </datafield>
   <datafield ind1=" " ind2=" " tag="035">
      <subfield code="9">CCP9357TS</subfield>
   </datafield>
   <datafield ind1=" " ind2=" " tag="040">
      <subfield code="a">NjP</subfield>
      <subfield code="c">NjP</subfield>
   </datafield>
   <datafield ind1="1" ind2=" " tag="100">
      <subfield code="a">Sukayrij, Aḥmad bin al-ʻAyyāshī,</subfield>
      <subfield code="d">1878 or 1879-1943 or 1944.</subfield>
      <subfield code="0">http://id.loc.gov/authorities/names/nr91044800</subfield>
   </datafield>
   <datafield ind1="1" ind2="0" tag="245">
      <subfield code="a">Tanwīr al-afhām bi-khatm Tuḥfat al-ḥukkām /</subfield>
      <subfield code="c">lil-faqīh Aḥmad bin al-Ḥājj al-ʻAyyāshī Sukayrij.</subfield>
   </datafield>
   <datafield ind1=" " ind2=" " tag="260">
      <subfield code="a">[Morocco? :</subfield>
      <subfield code="b">s.n.],</subfield>
      <subfield code="c">1327 [1909]</subfield>
   </datafield>
   <datafield ind1=" " ind2=" " tag="300">
      <subfield code="a">8, 8, 8, 8, 8, 8 p. ;</subfield>
      <subfield code="c">21 cm.</subfield>
   </datafield>
   <datafield ind1="2" ind2="0" tag="600">
      <subfield code="a">Ibn ʻĀṣim, Muḥammad ibn Muḥammad,</subfield>
      <subfield code="d">1359-1426.</subfield>
      <subfield code="t">Tuḥfat al-ḥukkām fī nukat al-ʻuqūd wa-al-aḥkām.</subfield>
      <subfield code="0">http://id.loc.gov/authorities/names/nr99020835</subfield>
   </datafield>
   <datafield ind1=" " ind2="0" tag="650">
      <subfield code="a">Contracts (Islamic law)</subfield>
      <subfield code="0">http://id.loc.gov/authorities/subjects/sh85031640</subfield>
   </datafield>
   <datafield ind1=" " ind2="0" tag="650">
      <subfield code="a">Judgments (Islamic law)</subfield>
      <subfield code="0">http://id.loc.gov/authorities/subjects/sh92000499</subfield>
   </datafield>
   <datafield ind1=" " ind2="0" tag="650">
      <subfield code="a">Malikites.</subfield>
      <subfield code="0">http://id.loc.gov/authorities/subjects/sh85080157</subfield>
   </datafield>
   <datafield ind1="4" ind2=" " tag="856">
      <subfield code="u">http://hdl.handle.net/2027/njp.32101077781977</subfield>
   </datafield>
   <datafield ind1=" " ind2=" " tag="998">
      <subfield code="a">06/18/97</subfield>
      <subfield code="s">9114</subfield>
      <subfield code="n">NjP</subfield>
      <subfield code="d">06/18/97</subfield>
      <subfield code="c">JEB</subfield>
      <subfield code="b">JEB</subfield>
      <subfield code="i">970618</subfield>
      <subfield code="l">NJPG</subfield>
   </datafield>
   <datafield ind1=" " ind2=" " tag="911">
      <subfield code="a">19970626</subfield>
   </datafield>
   <datafield ind1=" " ind2=" " tag="912">
      <subfield code="a">20000201040631.0</subfield>
   </datafield>
   <datafield ind1="8" ind2="0" tag="852">
      <subfield code="0">1318153</subfield>
      <subfield code="b">rcppa</subfield>
      <subfield code="t">1</subfield>
      <subfield code="h">2271.409995.942 1909</subfield>
      <subfield code="x">tr fr f</subfield>
   </datafield>
   <datafield ind1="8" ind2=" " tag="852">
      <subfield code="0">8688540</subfield>
      <subfield code="b">elf1</subfield>
      <subfield code="h">Electronic Resource</subfield>
   </datafield>
   <datafield ind1=" " ind2=" " tag="959">
      <subfield code="a">2000-06-08 00:00:00 -0500</subfield>
   </datafield>
</record>
